@article{adrian1991particleimaging,
  author = {Adrian, R. J.},
  journal = {Annual review of fluid mechanics},
  number = {1},
  title = {Particle-imaging techniques for experimental fluid mechanics},
  volume = {23},
  year = {1991},
  doi = {10.1146/annurev.fl.23.010191.000245},
  pages = {261--304},
}

@article{huang1997errors,
  author = {Huang, H., Dabiri, D., & Gharib, M.},
  journal = {Measurement Science and Technology},
  number = {12},
  title = {On errors of digital particle image velocimetry},
  volume = {8},
  year = {1997},
  doi = {10.1088/0957-0233/8/12/1427},
  pages = {1427--1439},
}

@book{rougierScientificVisualizationPython2021,
  title={Scientific Visualization: Python + Matplotlib},
  author={Rougier, Nicolas P},
  year={2021},
  publisher={CRC Press}
}

@article{rougierTenSimpleRules2014,
  author = {Rougier, Nicolas P., Michael Droettboom, et Philip E. Bourne},
  journal = {PLOS Computational Biology},
  number = {9},
  title = {Ten Simple Rules for Better Figures},
  volume = {10},
  year = {2014},
  doi = {10.1371/journal.pcbi.1003833},
}

@book{raffelParticleImageVelocimetry2007,
  author = {Raffel, M., Willert, C. E., Scarano, F., KÃ¤hler, C. J., Wereley, S. T., & Kompenhans, J.},
  editor = {},
  publisher = {springer},
  title = {Particle image velocimetry: a practical guide},
  year = {2007}
}